% Encoding: UTF-8
@article{mendel1996,
    title={Experiments in plant hybridization (1865)},
    author={Mendel, Gregor},
    journal={Verhandlungen des naturforschenden Vereins Br{\"u}nn.) Available online: www. mendelweb. org/Mendel. html (accessed on 1 January 2013)},
    year={1996}
}

@article{morgan1917,
    title={The theory of the gene},
    author={Morgan, Thomas Hunt},
    journal={The American Naturalist},
    volume={51},
    number={609},
    pages={513--544},
    year={1917},
    publisher={Science Press}
}`

@article{Third-Group-of-Linked-Genes,
    author = {A. H. Sturtevant },
    title = {A Third Group of Linked Genes in \emph{Drosophila ampelophila}},
    journal = {Science},
    volume = {37},
    number = {965},
    pages = {990-992},
    year = {1913},
    doi = {10.1126/science.37.965.990},
    URL = {https://www.science.org/doi/abs/10.1126/science.37.965.990},
    eprint = {https://www.science.org/doi/pdf/10.1126/science.37.965.990}
}

@article{morgen-sexlinkage,
    ISSN = {00368075, 10959203},
    URL = {http://www.jstor.org/stable/1760044},
    author = {Charles Sedgwick Minot},
    journal = {Science},
    number = {183},
    pages = {125--130},
    publisher = {American Association for the Advancement of Science},
    title = {The Physical Basis of Heredity},
    urldate = {2023-12-18},
    volume = {8},
    year = {1886}
}

@online{sex-linked-inheritance,
    author       = {Wikimedia Commons contributors},
    title        = {Sex-linked Inheritance},
    year         = {2023},
    url          = {https://commons.wikimedia.org/w/index.php?title=File:Sex-linked_inheritance.svg&oldid=785663716},
    note         = {Wikimedia Commons},
    organization = {Wikimedia Commons},
    lastrevision = {22 July 2023 14:18 UTC},
    retrieved    = {18 December 2023 06:21 UTC},
    version      = {785663716},
}

@misc{ wiki:mendelimg,
    author = "Wikimedia Commons",
    title = "File:Independent assortment & segregation.svg --- Wikimedia Commons{,} the free media repository",
    year = "2023",
    url = "https://commons.wikimedia.org/w/index.php?title=File:Independent_assortment_%26_segregation.svg&oldid=796574793",
    note = "[Online; accessed 18-December-2023]"
}
