% Encoding: UTF-8

@book{liu1987,
   author    = {刘祖洞 and 江绍慧},
   title     = {遗传学实验},
   edition   = {2},
   publisher = {高等教育出版社},
   year      = {1987},
   address   = {北京}
}

@book{wang2008,
   author    = {王金发 and 戚康标 and 何炎明},
   title     = {遗传学实验教程},
   publisher = {高等教育出版社},
   year      = {2008},
   address   = {北京}
}

@book{zhou2013,
   author    = {周洲 and 程罗根},
   title     = {遗传学实验},
   publisher = {科学出版社},
   year      = {2013},
   address   = {北京}
}

@book{zhu2009,
   author    = {朱睦元 and 王君晖},
   title     = {现代遗传学实验},
   publisher = {浙江大学出版社},
   year      = {2009},
   address   = {杭州}
}

@book{qiao2008,
   author    = {乔守怡},
   title     = {遗传学分析实验教程},
   publisher = {高等教育出版社},
   year      = {2008},
   address   = {北京}
}

@book{zhang2007,
   author    = {张文霞 and 戴灼华},
   title     = {遗传学实验指导},
   publisher = {高等教育出版社},
   year      = {2007},
   address   = {北京}
}

@book{niu2018,
   author    = {牛炳韬 and 孙英莉},
   title     = {遗传学实验教程},
   edition   = {2},
   publisher = {兰州大学出版社},
   year      = {2018},
   address   = {兰州}
}

@book{dai2016,
   author    = {戴灼华 , 王亚馥},
   title     = {遗传学（第3版）},
   year      = {2016},
   publisher = {高等教育出版社},
   month     = 7,
   day       = 5,
   edition   = {第3版},
   note      = {"十二五"普通高等教育本科国家级规划教材},
}