% Encoding: UTF-8

@article{SWXT201802015,author = {李文杨},title = {8对人类遗传性状的调查和指纹分析——以信阳农林学院为例},journal = {生物学通报},volume = {53},number = {41-44},year = {2018},issn = {0006-3193},}
@article{LCJY200504038,author = {史燕顺,潘世扬},title = {DNA指纹分析在肿瘤临床诊断中的应用研究进展},journal = {临床检验杂志},number = {310-311},year = {2005},issn = {1001-764X},doi = {10.13602/j.cnki.jcls.2005.04.039}}
@article{GWYY198703006,author = {Jeffreys,苏长林,赵会全},title = {人类系谱中多个遗传标记的DNA“指纹图”和分离分析},journal = {国外医学.遗传学分册},number = {138-140},year = {1987},issn = {1001-1048},}

@article{saiki1985enzymatic,
  title={Enzymatic amplification of $\beta$-globin genomic sequences and restriction site analysis for diagnosis of sickle cell anemia},
  author={Saiki, Randall K and Scharf, Stephen and Faloona, Fred and Mullis, Kary B and Horn, Glenn T and Erlich, Henry A and Arnheim, Norman},
  journal={Science},
  volume={230},
  number={4732},
  pages={1350--1354},
  year={1985},
  publisher={American Association for the Advancement of Science}
}