% Encoding: UTF-8

@article{YXLT202022052,author = {李秋香},title = {无偿献血者ABO及Rh D血型分布特征分析},journal = {基层医学论坛},volume = {24},number = {3195-3196},year = {2020},issn = {1672-1721},doi = {10.19435/j.1672-1721.2020.22.051}}

@article{SWXT201802015,author = {李文杨},title = {8对人类遗传性状的调查和指纹分析——以信阳农林学院为例},journal = {生物学通报},volume = {53},number = {41-44},year = {2018},issn = {0006-3193},}

@mastersthesis{1017268998.nh,author = {杨鸽},title = {基于探针熔解曲线分析的主要红细胞血型的基因分型研究},school = {厦门大学},year = {2017}}

@article{FYSZ201103018,author = {祝雪兰,许树成,张丽,修翠翠 杨万路},title = {人类ABO血型的群体遗传学研究},journal = {阜阳师范学院学报(自然科学版)},volume = {28},number = {66-69},year = {2011},issn = {1004-4329},doi = {10.14096/j.cnki.cn34-1069/n.2011.03.026}}

@article{YCZZ201103008,author = {彭德仁},title = {对“中国人ABO血型分布”一文的商榷},journal = {遗传},volume = {33},number = {238},year = {2011},issn = {0253-9772},}

@article{ZDYX201010057,author = {陈显智},title = {毕节地区ABO血型、Rh血型人群分布情况调查},journal = {卫生职业教育},volume = {28},number = {101-102},year = {2010},issn = {1671-1246},}

@article{ WOS:000879413200018,
Author = {Sun, Yang and Wang, Liqin and Niu, Jiameng and Ma, Ting and Xing, Lili
   and Song, Aowei and Wang, Wenhua and Shen, Yuan and Yang, Jiangcun},
Title = {Distribution characteristics of ABO blood groups in China},
Journal = {HELIYON},
Year = {2022},
Volume = {8},
Number = {9},
Month = {SEP},
DOI = {10.1016/j.heliyon.2022.e10568},
EarlyAccessDate = {SEP 2022},
Article-Number = {e10568},
EISSN = {2405-8440},
ResearcherID-Numbers = {Jiang, Yuan/JED-3759-2023
   Xing, Lili/P-9953-2016
   王, 娅冰/JGE-0541-2023
   LI, XIAO/IQV-9318-2023
   LU, Li/JFJ-9011-2023
   wang, chen/JED-7289-2023
   JIN, LIYING/JFB-1980-2023
   Jiang, Yu/JEZ-9814-2023
   zhang, xu/JEO-4879-2023
   li, xiao/HJP-5134-2023
   He, Chen/JLM-5059-2023
   wu, p/JDW-5015-2023
   wu, yi/JEP-1581-2023
   liu, xy/JEP-3175-2023},
ORCID-Numbers = {Xing, Lili/0000-0003-2099-8472
   },
Unique-ID = {WOS:000879413200018},
}

@article{ WOS:000258376000019,
Author = {Edwards, A. W. F.},
Title = {G.H. Hardy and Hardy-Weinberg equilibrium (1908)},
Journal = {ANNALS OF HUMAN GENETICS},
Year = {2008},
Volume = {72},
Number = {5},
Pages = {687-688},
Month = {SEP},
Note = {European Mathematical Genetics Meeting, Rotterdam, NETHERLANDS, APR
   10-11, 2008},
ISSN = {0003-4800},
Unique-ID = {WOS:000258376000019},
}